@inproceedings{sadigh2016planning,
  title={Planning for autonomous cars that leverage effects on human actions.},
  author={Sadigh, Dorsa and Sastry, Shankar and Seshia, Sanjit A and Dragan, Anca D},
  booktitle={Robotics: Science and Systems},
  volume={2},
  year={2016},
  organization={Ann Arbor, MI, USA}
}
@article{加藤恭義2000セルオートマトン法による道路交通シミュレーション,
  title={セルオートマトン法による道路交通シミュレーション (< 小特集> 高度道路交通システム (ITS) と AI)},
  author={加藤恭義 and others},
  journal={人工知能学会誌},
  volume={15},
  number={2},
  pages={242--250},
  year={2000}
}
@article{kheterpal2018flow,
  title={Flow: Deep reinforcement learning for control in sumo},
  author={Kheterpal, Nishant and Parvate, Kanaad and Wu, Cathy and Kreidieh, Aboudy and Vinitsky, Eugene and Bayen, Alexandre},
  journal={EPiC Series in Engineering},
  volume={2},
  pages={134--151},
  year={2018},
  publisher={EasyChair}
}

@misc{tomoflow84:online,
author = {},
title = {tomo / flow · GitLab},
howpublished = {\url{https://git.esslab.jp/tomo/flow}},
month = {},
year = {},
note = {(Accessed on 08/06/2019)}
}

@misc{tomoray·44:online,
author = {},
title = {tomo / ray · GitLab},
howpublished = {\url{https://git.esslab.jp/tomo/ray}},
month = {},
year = {},
note = {(Accessed on 08/06/2019)}
}