@inproceedings{Ishikawa2009a,
author = {石川 博},
booktitle = {Proceedings of MIRU},
title = {高階グラフカット},
year = {2009},
}
